
@article{Tenenbaum2000,
author = {Tenenbaum, JB and Silva, Vin De and Langford, JC},
file = {:home/snarles/Downloads/isomap.pdf:pdf},
journal = {Science},
mendeley-groups = {ml,ml/semi},
number = {December},
pages = {2319--2323},
title = {{A global geometric framework for nonlinear dimensionality reduction}},
url = {http://www.sciencemag.org/content/290/5500/2319.short},
volume = {290},
year = {2000}
}
@article{Frieze2004,
author = {Frieze, A and Kannan, R and Vempala, S},
file = {:home/snarles/Downloads/SVD.pdf:pdf},
journal = {Journal of the ACM (JACM)},
mendeley-groups = {optimization/apsp},
pages = {1--17},
title = {{Fast Monte-Carlo algorithms for finding low-rank approximations}},
url = {http://dl.acm.org/citation.cfm?id=1039494},
year = {2004}
}
@article{Zaharia2010,
author = {Zaharia, Matei and Chowdhury, Mosharaf},
file = {:home/snarles/Downloads/hotcloud\_spark.pdf:pdf},
journal = {Proceedings of the \ldots},
mendeley-groups = {optimization/software},
title = {{Spark: cluster computing with working sets}},
url = {http://static.usenix.org/legacy/events/hotcloud10/tech/full\_papers/Zaharia.pdf},
year = {2010}
}
@article{Kumar1991,
author = {Kumar, Vipin and Singh, Vineet},
doi = {10.1016/0743-7315(91)90083-L},
file = {:home/snarles/Downloads/singh\_apsp.pdf:pdf},
issn = {07437315},
journal = {Journal of Parallel and Distributed Computing},
mendeley-groups = {optimization/apsp},
month = oct,
number = {2},
pages = {124--138},
title = {{Scalability of parallel algorithms for the all-pairs shortest-path problem}},
url = {http://linkinghub.elsevier.com/retrieve/pii/074373159190083L},
volume = {13},
year = {1991}
}
@book{kolchin1978random,
  title={Random allocations},
  author={Kolchin, Valentin Fedorovich and Sevastʹi︠a︡nov, Boris Aleksandrovich and Chisti︠a︡kov, Vladimir Pavlovich},
  year={1978},
  publisher={Vh Winston New York}
}
